%YAML 1.1
%TAG !u! tag:unity3d.com,2011:
--- !u!1 &5166093804812700377
GameObject:
  m_ObjectHideFlags: 0
  m_CorrespondingSourceObject: {fileID: 0}
  m_PrefabInstance: {fileID: 0}
  m_PrefabAsset: {fileID: 0}
  serializedVersion: 6
  m_Component:
  - component: {fileID: 5166093804812501327}
  m_Layer: 0
  m_Name: Horse_Rig_ROOTSHJnt
  m_TagString: Untagged
  m_Icon: {fileID: 0}
  m_NavMeshLayer: 0
  m_StaticEditorFlags: 0
  m_IsActive: 1
--- !u!4 &5166093804812501327
Transform:
  m_ObjectHideFlags: 0
  m_CorrespondingSourceObject: {fileID: 0}
  m_PrefabInstance: {fileID: 0}
  m_PrefabAsset: {fileID: 0}
  m_GameObject: {fileID: 5166093804812700377}
  m_LocalRotation: {x: 0, y: 0, z: 0, w: 1}
  m_LocalPosition: {x: -0, y: 19.198828, z: -7.4475584}
  m_LocalScale: {x: 1, y: 1, z: 1}
  m_Children:
  - {fileID: 5166093804812517361}
  - {fileID: 5166093804812629613}
  - {fileID: 5166093804812602039}
  - {fileID: 5166093804812516433}
  m_Father: {fileID: 5166093804812592975}
  m_RootOrder: 0
  m_LocalEulerAnglesHint: {x: 0, y: 0, z: 0}
--- !u!1 &5166093804812703505
GameObject:
  m_ObjectHideFlags: 0
  m_CorrespondingSourceObject: {fileID: 0}
  m_PrefabInstance: {fileID: 0}
  m_PrefabAsset: {fileID: 0}
  serializedVersion: 6
  m_Component:
  - component: {fileID: 5166093804812543501}
  m_Layer: 0
  m_Name: Horse_Rig_Neck_02SHJnt
  m_TagString: Untagged
  m_Icon: {fileID: 0}
  m_NavMeshLayer: 0
  m_StaticEditorFlags: 0
  m_IsActive: 1
--- !u!4 &5166093804812543501
Transform:
  m_ObjectHideFlags: 0
  m_CorrespondingSourceObject: {fileID: 0}
  m_PrefabInstance: {fileID: 0}
  m_PrefabAsset: {fileID: 0}
  m_GameObject: {fileID: 5166093804812703505}
  m_LocalRotation: {x: -0.0000000067034907, y: -1.7456768e-16, z: 4.9327185e-17, w: 1}
  m_LocalPosition: {x: -3.6052296, y: -9.631311e-16, z: 0.97656286}
  m_LocalScale: {x: 1, y: 1, z: 1}
  m_Children:
  - {fileID: 5166093804812547579}
  m_Father: {fileID: 5166093804812620965}
  m_RootOrder: 0
  m_LocalEulerAnglesHint: {x: 0, y: 0, z: 0}
--- !u!1 &5166093804812705153
GameObject:
  m_ObjectHideFlags: 0
  m_CorrespondingSourceObject: {fileID: 0}
  m_PrefabInstance: {fileID: 0}
  m_PrefabAsset: {fileID: 0}
  serializedVersion: 6
  m_Component:
  - component: {fileID: 5166093804812517361}
  m_Layer: 0
  m_Name: Horse_Rig_l_HindLeg_HipSHJnt
  m_TagString: Untagged
  m_Icon: {fileID: 0}
  m_NavMeshLayer: 0
  m_StaticEditorFlags: 0
  m_IsActive: 1
--- !u!4 &5166093804812517361
Transform:
  m_ObjectHideFlags: 0
  m_CorrespondingSourceObject: {fileID: 0}
  m_PrefabInstance: {fileID: 0}
  m_PrefabAsset: {fileID: 0}
  m_GameObject: {fileID: 5166093804812705153}
  m_LocalRotation: {x: -0.036262073, y: 0.036262073, z: 0.7061764, w: 0.7061764}
  m_LocalPosition: {x: -3.4229164, y: -1, z: -0.098055504}
  m_LocalScale: {x: 1, y: 1, z: 1}
  m_Children:
  - {fileID: 5166093804812511583}
  m_Father: {fileID: 5166093804812501327}
  m_RootOrder: 0
  m_LocalEulerAnglesHint: {x: 0, y: 0, z: 0}
--- !u!1 &5166093804812705377
GameObject:
  m_ObjectHideFlags: 0
  m_CorrespondingSourceObject: {fileID: 0}
  m_PrefabInstance: {fileID: 0}
  m_PrefabAsset: {fileID: 0}
  serializedVersion: 6
  m_Component:
  - component: {fileID: 5166093804812621015}
  - component: {fileID: 5166093804824255011}
  m_Layer: 0
  m_Name: SA_Animal_Horse_Black
  m_TagString: Untagged
  m_Icon: {fileID: 0}
  m_NavMeshLayer: 0
  m_StaticEditorFlags: 0
  m_IsActive: 0
--- !u!4 &5166093804812621015
Transform:
  m_ObjectHideFlags: 0
  m_CorrespondingSourceObject: {fileID: 0}
  m_PrefabInstance: {fileID: 0}
  m_PrefabAsset: {fileID: 0}
  m_GameObject: {fileID: 5166093804812705377}
  m_LocalRotation: {x: 0, y: 0, z: 0, w: 1}
  m_LocalPosition: {x: 0, y: 0, z: 0}
  m_LocalScale: {x: 1, y: 1, z: 1}
  m_Children: []
  m_Father: {fileID: 5166093804812623307}
  m_RootOrder: 1
  m_LocalEulerAnglesHint: {x: 0, y: 0, z: 0}
--- !u!137 &5166093804824255011
SkinnedMeshRenderer:
  m_ObjectHideFlags: 0
  m_CorrespondingSourceObject: {fileID: 0}
  m_PrefabInstance: {fileID: 0}
  m_PrefabAsset: {fileID: 0}
  m_GameObject: {fileID: 5166093804812705377}
  m_Enabled: 1
  m_CastShadows: 1
  m_ReceiveShadows: 1
  m_DynamicOccludee: 1
  m_MotionVectors: 1
  m_LightProbeUsage: 1
  m_ReflectionProbeUsage: 1
  m_RayTracingMode: 3
  m_RayTraceProcedural: 0
  m_RenderingLayerMask: 1
  m_RendererPriority: 0
  m_Materials:
  - {fileID: 2100000, guid: 185ca34253615de44926902d54fb6f1d, type: 2}
  m_StaticBatchInfo:
    firstSubMesh: 0
    subMeshCount: 0
  m_StaticBatchRoot: {fileID: 0}
  m_ProbeAnchor: {fileID: 0}
  m_LightProbeVolumeOverride: {fileID: 0}
  m_ScaleInLightmap: 1
  m_ReceiveGI: 1
  m_PreserveUVs: 0
  m_IgnoreNormalsForChartDetection: 0
  m_ImportantGI: 0
  m_StitchLightmapSeams: 0
  m_SelectedEditorRenderState: 3
  m_MinimumChartSize: 4
  m_AutoUVMaxDistance: 0.5
  m_AutoUVMaxAngle: 89
  m_LightmapParameters: {fileID: 0}
  m_SortingLayerID: 0
  m_SortingLayer: 0
  m_SortingOrder: 0
  serializedVersion: 2
  m_Quality: 0
  m_UpdateWhenOffscreen: 0
  m_SkinnedMotionVectors: 1
  m_Mesh: {fileID: 4300006, guid: c4324fcdc6ce67d4e97e3c807c446974, type: 3}
  m_Bones:
  - {fileID: 5166093804812501327}
  - {fileID: 5166093804812602039}
  - {fileID: 5166093804812628157}
  - {fileID: 5166093804812563219}
  - {fileID: 5166093804812603753}
  - {fileID: 5166093804812628663}
  - {fileID: 5166093804812614469}
  - {fileID: 5166093804812604637}
  - {fileID: 5166093804812521857}
  - {fileID: 5166093804812613149}
  - {fileID: 5166093804812513923}
  - {fileID: 5166093804812536309}
  - {fileID: 5166093804812547415}
  - {fileID: 5166093804812536785}
  - {fileID: 5166093804812517709}
  - {fileID: 5166093804812520547}
  - {fileID: 5166093804812620965}
  - {fileID: 5166093804812543501}
  - {fileID: 5166093804812547579}
  - {fileID: 5166093804812526865}
  - {fileID: 5166093804812557225}
  - {fileID: 5166093804812508357}
  - {fileID: 5166093804812525117}
  - {fileID: 5166093804812542681}
  - {fileID: 5166093804812522921}
  - {fileID: 5166093804812517361}
  - {fileID: 5166093804812511583}
  - {fileID: 5166093804812532635}
  - {fileID: 5166093804812610001}
  - {fileID: 5166093804812595755}
  - {fileID: 5166093804812524333}
  - {fileID: 5166093804812629613}
  - {fileID: 5166093804812501535}
  - {fileID: 5166093804812605657}
  - {fileID: 5166093804812612535}
  - {fileID: 5166093804812604675}
  - {fileID: 5166093804812599889}
  - {fileID: 5166093804812516433}
  - {fileID: 5166093804812631363}
  - {fileID: 5166093804812515539}
  m_BlendShapeWeights: []
  m_RootBone: {fileID: 5166093804812501327}
  m_AABB:
    m_Center: {x: 0, y: -0.8832464, z: 11.784651}
    m_Extent: {x: 5.571748, y: 18.315586, z: 21.710882}
  m_DirtyAABB: 0
--- !u!1 &5166093804812707969
GameObject:
  m_ObjectHideFlags: 0
  m_CorrespondingSourceObject: {fileID: 0}
  m_PrefabInstance: {fileID: 0}
  m_PrefabAsset: {fileID: 0}
  serializedVersion: 6
  m_Component:
  - component: {fileID: 5166093804812595755}
  m_Layer: 0
  m_Name: Horse_Rig_l_HindLeg_BallSHJnt
  m_TagString: Untagged
  m_Icon: {fileID: 0}
  m_NavMeshLayer: 0
  m_StaticEditorFlags: 0
  m_IsActive: 1
--- !u!4 &5166093804812595755
Transform:
  m_ObjectHideFlags: 0
  m_CorrespondingSourceObject: {fileID: 0}
  m_PrefabInstance: {fileID: 0}
  m_PrefabAsset: {fileID: 0}
  m_GameObject: {fileID: 5166093804812707969}
  m_LocalRotation: {x: -6.040389e-17, y: 0.7071068, z: 6.040389e-17, w: 0.7071068}
  m_LocalPosition: {x: -4.003157, y: -3.5527137e-15, z: 2.241153}
  m_LocalScale: {x: 1, y: 1, z: 1}
  m_Children:
  - {fileID: 5166093804812524333}
  m_Father: {fileID: 5166093804812610001}
  m_RootOrder: 0
  m_LocalEulerAnglesHint: {x: 0, y: 0, z: 0}
--- !u!1 &5166093804812708973
GameObject:
  m_ObjectHideFlags: 0
  m_CorrespondingSourceObject: {fileID: 0}
  m_PrefabInstance: {fileID: 0}
  m_PrefabAsset: {fileID: 0}
  serializedVersion: 6
  m_Component:
  - component: {fileID: 5166093804812599889}
  m_Layer: 0
  m_Name: Horse_Rig_r_HindLeg_ToeSHJnt
  m_TagString: Untagged
  m_Icon: {fileID: 0}
  m_NavMeshLayer: 0
  m_StaticEditorFlags: 0
  m_IsActive: 1
--- !u!4 &5166093804812599889
Transform:
  m_ObjectHideFlags: 0
  m_CorrespondingSourceObject: {fileID: 0}
  m_PrefabInstance: {fileID: 0}
  m_PrefabAsset: {fileID: 0}
  m_GameObject: {fileID: 5166093804812708973}
  m_LocalRotation: {x: 0, y: 0, z: 0, w: 1}
  m_LocalPosition: {x: -1.5, y: 8.881784e-16, z: 2.1302404e-15}
  m_LocalScale: {x: 1, y: 1, z: 1}
  m_Children: []
  m_Father: {fileID: 5166093804812604675}
  m_RootOrder: 0
  m_LocalEulerAnglesHint: {x: 0, y: 0, z: 0}
--- !u!1 &5166093804812709213
GameObject:
  m_ObjectHideFlags: 0
  m_CorrespondingSourceObject: {fileID: 0}
  m_PrefabInstance: {fileID: 0}
  m_PrefabAsset: {fileID: 0}
  serializedVersion: 6
  m_Component:
  - component: {fileID: 5166093804812520547}
  m_Layer: 0
  m_Name: Horse_Rig_r_FrontLeg_BallSHJnt
  m_TagString: Untagged
  m_Icon: {fileID: 0}
  m_NavMeshLayer: 0
  m_StaticEditorFlags: 0
  m_IsActive: 1
--- !u!4 &5166093804812520547
Transform:
  m_ObjectHideFlags: 0
  m_CorrespondingSourceObject: {fileID: 0}
  m_PrefabInstance: {fileID: 0}
  m_PrefabAsset: {fileID: 0}
  m_GameObject: {fileID: 5166093804812709213}
  m_LocalRotation: {x: -5.9133355e-17, y: 0.7071068, z: 5.9133355e-17, w: 0.7071068}
  m_LocalPosition: {x: -3.8148131, y: -1.7763568e-15, z: 2.3663485}
  m_LocalScale: {x: 1, y: 1, z: 1}
  m_Children:
  - {fileID: 5166093804812514783}
  m_Father: {fileID: 5166093804812517709}
  m_RootOrder: 0
  m_LocalEulerAnglesHint: {x: 0, y: 0, z: 0}
--- !u!1 &5166093804812716571
GameObject:
  m_ObjectHideFlags: 0
  m_CorrespondingSourceObject: {fileID: 0}
  m_PrefabInstance: {fileID: 0}
  m_PrefabAsset: {fileID: 0}
  serializedVersion: 6
  m_Component:
  - component: {fileID: 5166093804812610001}
  m_Layer: 0
  m_Name: Horse_Rig_l_HindLeg_AnkleSHJnt
  m_TagString: Untagged
  m_Icon: {fileID: 0}
  m_NavMeshLayer: 0
  m_StaticEditorFlags: 0
  m_IsActive: 1
--- !u!4 &5166093804812610001
Transform:
  m_ObjectHideFlags: 0
  m_CorrespondingSourceObject: {fileID: 0}
  m_PrefabInstance: {fileID: 0}
  m_PrefabAsset: {fileID: 0}
  m_GameObject: {fileID: 5166093804812716571}
  m_LocalRotation: {x: -5.270265e-18, y: -0.032063086, z: 1.6860843e-16, w: 0.99948585}
  m_LocalPosition: {x: -5.0231, y: -3.996803e-15, z: -3.5527137e-15}
  m_LocalScale: {x: 1, y: 1, z: 1}
  m_Children:
  - {fileID: 5166093804812595755}
  m_Father: {fileID: 5166093804812532635}
  m_RootOrder: 0
  m_LocalEulerAnglesHint: {x: 0, y: 0, z: 0}
--- !u!1 &5166093804812717219
GameObject:
  m_ObjectHideFlags: 0
  m_CorrespondingSourceObject: {fileID: 0}
  m_PrefabInstance: {fileID: 0}
  m_PrefabAsset: {fileID: 0}
  serializedVersion: 6
  m_Component:
  - component: {fileID: 5166093804812628157}
  m_Layer: 0
  m_Name: Horse_Rig_Spine_02SHJnt
  m_TagString: Untagged
  m_Icon: {fileID: 0}
  m_NavMeshLayer: 0
  m_StaticEditorFlags: 0
  m_IsActive: 1
--- !u!4 &5166093804812628157
Transform:
  m_ObjectHideFlags: 0
  m_CorrespondingSourceObject: {fileID: 0}
  m_PrefabInstance: {fileID: 0}
  m_PrefabAsset: {fileID: 0}
  m_GameObject: {fileID: 5166093804812717219}
  m_LocalRotation: {x: 3.0616168e-17, y: -1.110223e-16, z: -2.4894982e-17, w: 1}
  m_LocalPosition: {x: -5.944889, y: -3.3417115e-16, z: -3.5527137e-15}
  m_LocalScale: {x: 1, y: 1, z: 1}
  m_Children:
  - {fileID: 5166093804812563219}
  m_Father: {fileID: 5166093804812602039}
  m_RootOrder: 0
  m_LocalEulerAnglesHint: {x: 0, y: 0, z: 0}
--- !u!1 &5166093804812717515
GameObject:
  m_ObjectHideFlags: 0
  m_CorrespondingSourceObject: {fileID: 0}
  m_PrefabInstance: {fileID: 0}
  m_PrefabAsset: {fileID: 0}
  serializedVersion: 6
  m_Component:
  - component: {fileID: 5166093804812511583}
  m_Layer: 0
  m_Name: Horse_Rig_l_HindLeg_Knee1SHJnt
  m_TagString: Untagged
  m_Icon: {fileID: 0}
  m_NavMeshLayer: 0
  m_StaticEditorFlags: 0
  m_IsActive: 1
--- !u!4 &5166093804812511583
Transform:
  m_ObjectHideFlags: 0
  m_CorrespondingSourceObject: {fileID: 0}
  m_PrefabInstance: {fileID: 0}
  m_PrefabAsset: {fileID: 0}
  m_GameObject: {fileID: 5166093804812717515}
  m_LocalRotation: {x: 2.5255361e-17, y: -0.21154374, z: 2.2419832e-16, w: 0.97736853}
  m_LocalPosition: {x: -4.4487576, y: -4.8849813e-15, z: 8.881784e-16}
  m_LocalScale: {x: 1, y: 1, z: 1}
  m_Children:
  - {fileID: 5166093804812532635}
  m_Father: {fileID: 5166093804812517361}
  m_RootOrder: 0
  m_LocalEulerAnglesHint: {x: 0, y: 0, z: 0}
--- !u!1 &5166093804812717889
GameObject:
  m_ObjectHideFlags: 0
  m_CorrespondingSourceObject: {fileID: 0}
  m_PrefabInstance: {fileID: 0}
  m_PrefabAsset: {fileID: 0}
  serializedVersion: 6
  m_Component:
  - component: {fileID: 5166093804812604675}
  m_Layer: 0
  m_Name: Horse_Rig_r_HindLeg_BallSHJnt
  m_TagString: Untagged
  m_Icon: {fileID: 0}
  m_NavMeshLayer: 0
  m_StaticEditorFlags: 0
  m_IsActive: 1
--- !u!4 &5166093804812604675
Transform:
  m_ObjectHideFlags: 0
  m_CorrespondingSourceObject: {fileID: 0}
  m_PrefabInstance: {fileID: 0}
  m_PrefabAsset: {fileID: 0}
  m_GameObject: {fileID: 5166093804812717889}
  m_LocalRotation: {x: -6.065518e-17, y: 0.7071068, z: 6.065518e-17, w: 0.7071068}
  m_LocalPosition: {x: -4.003157, y: -3.5527137e-15, z: 2.241153}
  m_LocalScale: {x: 1, y: 1, z: 1}
  m_Children:
  - {fileID: 5166093804812599889}
  m_Father: {fileID: 5166093804812612535}
  m_RootOrder: 0
  m_LocalEulerAnglesHint: {x: 0, y: 0, z: 0}
--- !u!1 &5166093804812717971
GameObject:
  m_ObjectHideFlags: 0
  m_CorrespondingSourceObject: {fileID: 0}
  m_PrefabInstance: {fileID: 0}
  m_PrefabAsset: {fileID: 0}
  serializedVersion: 6
  m_Component:
  - component: {fileID: 5166093804812628663}
  m_Layer: 0
  m_Name: Horse_Rig_l_FrontLeg_HipSHJnt
  m_TagString: Untagged
  m_Icon: {fileID: 0}
  m_NavMeshLayer: 0
  m_StaticEditorFlags: 0
  m_IsActive: 1
--- !u!4 &5166093804812628663
Transform:
  m_ObjectHideFlags: 0
  m_CorrespondingSourceObject: {fileID: 0}
  m_PrefabInstance: {fileID: 0}
  m_PrefabAsset: {fileID: 0}
  m_GameObject: {fileID: 5166093804812717971}
  m_LocalRotation: {x: -0.48958543, y: 0.48958543, z: 0.51020205, w: 0.51020205}
  m_LocalPosition: {x: -2.462134, y: 3.5527137e-15, z: -0.11213278}
  m_LocalScale: {x: 1, y: 1, z: 1}
  m_Children:
  - {fileID: 5166093804812614469}
  m_Father: {fileID: 5166093804812603753}
  m_RootOrder: 0
  m_LocalEulerAnglesHint: {x: 0, y: 0, z: 0}
--- !u!1 &5166093804812718477
GameObject:
  m_ObjectHideFlags: 0
  m_CorrespondingSourceObject: {fileID: 0}
  m_PrefabInstance: {fileID: 0}
  m_PrefabAsset: {fileID: 0}
  serializedVersion: 6
  m_Component:
  - component: {fileID: 5166093804812514783}
  m_Layer: 0
  m_Name: Horse_Rig_r_FrontLeg_ToeSHJnt
  m_TagString: Untagged
  m_Icon: {fileID: 0}
  m_NavMeshLayer: 0
  m_StaticEditorFlags: 0
  m_IsActive: 1
--- !u!4 &5166093804812514783
Transform:
  m_ObjectHideFlags: 0
  m_CorrespondingSourceObject: {fileID: 0}
  m_PrefabInstance: {fileID: 0}
  m_PrefabAsset: {fileID: 0}
  m_GameObject: {fileID: 5166093804812718477}
  m_LocalRotation: {x: 0, y: 0, z: 0, w: 1}
  m_LocalPosition: {x: -1.9785748, y: -1.7763568e-15, z: 6.727267e-16}
  m_LocalScale: {x: 1, y: 1, z: 1}
  m_Children: []
  m_Father: {fileID: 5166093804812520547}
  m_RootOrder: 0
  m_LocalEulerAnglesHint: {x: 0, y: 0, z: 0}
--- !u!1 &5166093804812718981
GameObject:
  m_ObjectHideFlags: 0
  m_CorrespondingSourceObject: {fileID: 0}
  m_PrefabInstance: {fileID: 0}
  m_PrefabAsset: {fileID: 0}
  serializedVersion: 6
  m_Component:
  - component: {fileID: 5166093804812603753}
  m_Layer: 0
  m_Name: Horse_Rig_l_Clavicle_01_01SHJnt
  m_TagString: Untagged
  m_Icon: {fileID: 0}
  m_NavMeshLayer: 0
  m_StaticEditorFlags: 0
  m_IsActive: 1
--- !u!4 &5166093804812603753
Transform:
  m_ObjectHideFlags: 0
  m_CorrespondingSourceObject: {fileID: 0}
  m_PrefabInstance: {fileID: 0}
  m_PrefabAsset: {fileID: 0}
  m_GameObject: {fileID: 5166093804812718981}
  m_LocalRotation: {x: 0, y: 0, z: 0.7071068, w: 0.7071068}
  m_LocalPosition: {x: -1.7763568e-15, y: -0.9673913, z: 3.5527137e-15}
  m_LocalScale: {x: 1, y: 1, z: 1}
  m_Children:
  - {fileID: 5166093804812628663}
  m_Father: {fileID: 5166093804812563219}
  m_RootOrder: 0
  m_LocalEulerAnglesHint: {x: 0, y: 0, z: 0}
--- !u!1 &5166093804812721925
GameObject:
  m_ObjectHideFlags: 0
  m_CorrespondingSourceObject: {fileID: 0}
  m_PrefabInstance: {fileID: 0}
  m_PrefabAsset: {fileID: 0}
  serializedVersion: 6
  m_Component:
  - component: {fileID: 5166093804812515539}
  m_Layer: 0
  m_Name: Horse_Rig_Tail_TopSHJnt
  m_TagString: Untagged
  m_Icon: {fileID: 0}
  m_NavMeshLayer: 0
  m_StaticEditorFlags: 0
  m_IsActive: 1
--- !u!4 &5166093804812515539
Transform:
  m_ObjectHideFlags: 0
  m_CorrespondingSourceObject: {fileID: 0}
  m_PrefabInstance: {fileID: 0}
  m_PrefabAsset: {fileID: 0}
  m_GameObject: {fileID: 5166093804812721925}
  m_LocalRotation: {x: 0.99789953, y: 0.0000000019154678, z: -0.0647809, w: 1.2434696e-10}
  m_LocalPosition: {x: -6.3602276, y: 3.9375296e-15, z: 2.707124}
  m_LocalScale: {x: 1, y: 1, z: 1}
  m_Children: []
  m_Father: {fileID: 5166093804812631363}
  m_RootOrder: 0
  m_LocalEulerAnglesHint: {x: 0, y: 0, z: 0}
--- !u!1 &5166093804812723927
GameObject:
  m_ObjectHideFlags: 0
  m_CorrespondingSourceObject: {fileID: 0}
  m_PrefabInstance: {fileID: 0}
  m_PrefabAsset: {fileID: 0}
  serializedVersion: 6
  m_Component:
  - component: {fileID: 5166093804812548005}
  - component: {fileID: 5166093804824336877}
  m_Layer: 0
  m_Name: SA_Animal_Horse_Palomino
  m_TagString: Untagged
  m_Icon: {fileID: 0}
  m_NavMeshLayer: 0
  m_StaticEditorFlags: 0
  m_IsActive: 0
--- !u!4 &5166093804812548005
Transform:
  m_ObjectHideFlags: 0
  m_CorrespondingSourceObject: {fileID: 0}
  m_PrefabInstance: {fileID: 0}
  m_PrefabAsset: {fileID: 0}
  m_GameObject: {fileID: 5166093804812723927}
  m_LocalRotation: {x: 0, y: 0, z: 0, w: 1}
  m_LocalPosition: {x: 0, y: 0, z: 0}
  m_LocalScale: {x: 1, y: 1, z: 1}
  m_Children: []
  m_Father: {fileID: 5166093804812623307}
  m_RootOrder: 5
  m_LocalEulerAnglesHint: {x: 0, y: 0, z: 0}
--- !u!137 &5166093804824336877
SkinnedMeshRenderer:
  m_ObjectHideFlags: 0
  m_CorrespondingSourceObject: {fileID: 0}
  m_PrefabInstance: {fileID: 0}
  m_PrefabAsset: {fileID: 0}
  m_GameObject: {fileID: 5166093804812723927}
  m_Enabled: 1
  m_CastShadows: 1
  m_ReceiveShadows: 1
  m_DynamicOccludee: 1
  m_MotionVectors: 1
  m_LightProbeUsage: 1
  m_ReflectionProbeUsage: 1
  m_RayTracingMode: 3
  m_RayTraceProcedural: 0
  m_RenderingLayerMask: 1
  m_RendererPriority: 0
  m_Materials:
  - {fileID: 2100000, guid: 185ca34253615de44926902d54fb6f1d, type: 2}
  m_StaticBatchInfo:
    firstSubMesh: 0
    subMeshCount: 0
  m_StaticBatchRoot: {fileID: 0}
  m_ProbeAnchor: {fileID: 0}
  m_LightProbeVolumeOverride: {fileID: 0}
  m_ScaleInLightmap: 1
  m_ReceiveGI: 1
  m_PreserveUVs: 0
  m_IgnoreNormalsForChartDetection: 0
  m_ImportantGI: 0
  m_StitchLightmapSeams: 0
  m_SelectedEditorRenderState: 3
  m_MinimumChartSize: 4
  m_AutoUVMaxDistance: 0.5
  m_AutoUVMaxAngle: 89
  m_LightmapParameters: {fileID: 0}
  m_SortingLayerID: 0
  m_SortingLayer: 0
  m_SortingOrder: 0
  serializedVersion: 2
  m_Quality: 0
  m_UpdateWhenOffscreen: 0
  m_SkinnedMotionVectors: 1
  m_Mesh: {fileID: 4300004, guid: c4324fcdc6ce67d4e97e3c807c446974, type: 3}
  m_Bones:
  - {fileID: 5166093804812501327}
  - {fileID: 5166093804812602039}
  - {fileID: 5166093804812628157}
  - {fileID: 5166093804812563219}
  - {fileID: 5166093804812603753}
  - {fileID: 5166093804812628663}
  - {fileID: 5166093804812614469}
  - {fileID: 5166093804812604637}
  - {fileID: 5166093804812521857}
  - {fileID: 5166093804812613149}
  - {fileID: 5166093804812513923}
  - {fileID: 5166093804812536309}
  - {fileID: 5166093804812547415}
  - {fileID: 5166093804812536785}
  - {fileID: 5166093804812517709}
  - {fileID: 5166093804812520547}
  - {fileID: 5166093804812620965}
  - {fileID: 5166093804812543501}
  - {fileID: 5166093804812547579}
  - {fileID: 5166093804812526865}
  - {fileID: 5166093804812557225}
  - {fileID: 5166093804812508357}
  - {fileID: 5166093804812525117}
  - {fileID: 5166093804812542681}
  - {fileID: 5166093804812522921}
  - {fileID: 5166093804812517361}
  - {fileID: 5166093804812511583}
  - {fileID: 5166093804812532635}
  - {fileID: 5166093804812610001}
  - {fileID: 5166093804812595755}
  - {fileID: 5166093804812524333}
  - {fileID: 5166093804812629613}
  - {fileID: 5166093804812501535}
  - {fileID: 5166093804812605657}
  - {fileID: 5166093804812612535}
  - {fileID: 5166093804812604675}
  - {fileID: 5166093804812599889}
  - {fileID: 5166093804812516433}
  - {fileID: 5166093804812631363}
  - {fileID: 5166093804812515539}
  m_BlendShapeWeights: []
  m_RootBone: {fileID: 5166093804812501327}
  m_AABB:
    m_Center: {x: 0, y: -0.8832464, z: 11.784651}
    m_Extent: {x: 5.571748, y: 18.315586, z: 21.710882}
  m_DirtyAABB: 0
--- !u!1 &5166093804812726509
GameObject:
  m_ObjectHideFlags: 0
  m_CorrespondingSourceObject: {fileID: 0}
  m_PrefabInstance: {fileID: 0}
  m_PrefabAsset: {fileID: 0}
  serializedVersion: 6
  m_Component:
  - component: {fileID: 5166093804812532635}
  m_Layer: 0
  m_Name: Horse_Rig_l_HindLeg_Knee2SHJnt
  m_TagString: Untagged
  m_Icon: {fileID: 0}
  m_NavMeshLayer: 0
  m_StaticEditorFlags: 0
  m_IsActive: 1
--- !u!4 &5166093804812532635
Transform:
  m_ObjectHideFlags: 0
  m_CorrespondingSourceObject: {fileID: 0}
  m_PrefabInstance: {fileID: 0}
  m_PrefabAsset: {fileID: 0}
  m_GameObject: {fileID: 5166093804812726509}
  m_LocalRotation: {x: 1.3971329e-17, y: 0.19270486, z: 1.1210923e-16, w: 0.9812568}
  m_LocalPosition: {x: -5.0181556, y: -3.1086245e-15, z: 3.5527137e-15}
  m_LocalScale: {x: 1, y: 1, z: 1}
  m_Children:
  - {fileID: 5166093804812610001}
  m_Father: {fileID: 5166093804812511583}
  m_RootOrder: 0
  m_LocalEulerAnglesHint: {x: 0, y: 0, z: 0}
--- !u!1 &5166093804812727459
GameObject:
  m_ObjectHideFlags: 0
  m_CorrespondingSourceObject: {fileID: 0}
  m_PrefabInstance: {fileID: 0}
  m_PrefabAsset: {fileID: 0}
  serializedVersion: 6
  m_Component:
  - component: {fileID: 5166093804812522921}
  m_Layer: 0
  m_Name: Horse_Rig_r_Eye_01SHJnt
  m_TagString: Untagged
  m_Icon: {fileID: 0}
  m_NavMeshLayer: 0
  m_StaticEditorFlags: 0
  m_IsActive: 1
--- !u!4 &5166093804812522921
Transform:
  m_ObjectHideFlags: 0
  m_CorrespondingSourceObject: {fileID: 0}
  m_PrefabInstance: {fileID: 0}
  m_PrefabAsset: {fileID: 0}
  m_GameObject: {fileID: 5166093804812727459}
  m_LocalRotation: {x: 0.07033598, y: 0.07033598, z: -0.70359993, w: 0.70359993}
  m_LocalPosition: {x: 1.807144, y: 0.23072052, z: 1.2304938}
  m_LocalScale: {x: 1, y: 1, z: 1}
  m_Children: []
  m_Father: {fileID: 5166093804812525117}
  m_RootOrder: 1
  m_LocalEulerAnglesHint: {x: 0, y: 0, z: 0}
--- !u!1 &5166093804812728007
GameObject:
  m_ObjectHideFlags: 0
  m_CorrespondingSourceObject: {fileID: 0}
  m_PrefabInstance: {fileID: 0}
  m_PrefabAsset: {fileID: 0}
  serializedVersion: 6
  m_Component:
  - component: {fileID: 5166093804812547415}
  m_Layer: 0
  m_Name: Horse_Rig_r_FrontLeg_Knee1SHJnt
  m_TagString: Untagged
  m_Icon: {fileID: 0}
  m_NavMeshLayer: 0
  m_StaticEditorFlags: 0
  m_IsActive: 1
--- !u!4 &5166093804812547415
Transform:
  m_ObjectHideFlags: 0
  m_CorrespondingSourceObject: {fileID: 0}
  m_PrefabInstance: {fileID: 0}
  m_PrefabAsset: {fileID: 0}
  m_GameObject: {fileID: 5166093804812728007}
  m_LocalRotation: {x: -2.379244e-16, y: 0.017514473, z: -9.961073e-15, w: 0.99984664}
  m_LocalPosition: {x: -5.562775, y: -3.5527137e-15, z: 8.881784e-16}
  m_LocalScale: {x: 1, y: 1, z: 1}
  m_Children:
  - {fileID: 5166093804812536785}
  m_Father: {fileID: 5166093804812536309}
  m_RootOrder: 0
  m_LocalEulerAnglesHint: {x: 0, y: 0, z: 0}
--- !u!1 &5166093804812765523
GameObject:
  m_ObjectHideFlags: 0
  m_CorrespondingSourceObject: {fileID: 0}
  m_PrefabInstance: {fileID: 0}
  m_PrefabAsset: {fileID: 0}
  serializedVersion: 6
  m_Component:
  - component: {fileID: 5166093804812516433}
  m_Layer: 0
  m_Name: Horse_Rig_Tail_01SHJnt
  m_TagString: Untagged
  m_Icon: {fileID: 0}
  m_NavMeshLayer: 0
  m_StaticEditorFlags: 0
  m_IsActive: 1
--- !u!4 &5166093804812516433
Transform:
  m_ObjectHideFlags: 0
  m_CorrespondingSourceObject: {fileID: 0}
  m_PrefabInstance: {fileID: 0}
  m_PrefabAsset: {fileID: 0}
  m_GameObject: {fileID: 5166093804812765523}
  m_LocalRotation: {x: 0.25810713, y: -0.25810713, z: 0.65831655, w: 0.65831655}
  m_LocalPosition: {x: -2.9125463e-17, y: 5.339036, z: -3.9458208}
  m_LocalScale: {x: 1, y: 1, z: 1}
  m_Children:
  - {fileID: 5166093804812631363}
  m_Father: {fileID: 5166093804812501327}
  m_RootOrder: 3
  m_LocalEulerAnglesHint: {x: 0, y: 0, z: 0}
--- !u!1 &5166093804812773283
GameObject:
  m_ObjectHideFlags: 0
  m_CorrespondingSourceObject: {fileID: 0}
  m_PrefabInstance: {fileID: 0}
  m_PrefabAsset: {fileID: 0}
  serializedVersion: 6
  m_Component:
  - component: {fileID: 5166093804812536309}
  m_Layer: 0
  m_Name: Horse_Rig_r_FrontLeg_HipSHJnt
  m_TagString: Untagged
  m_Icon: {fileID: 0}
  m_NavMeshLayer: 0
  m_StaticEditorFlags: 0
  m_IsActive: 1
--- !u!4 &5166093804812536309
Transform:
  m_ObjectHideFlags: 0
  m_CorrespondingSourceObject: {fileID: 0}
  m_PrefabInstance: {fileID: 0}
  m_PrefabAsset: {fileID: 0}
  m_GameObject: {fileID: 5166093804812773283}
  m_LocalRotation: {x: -0.48958543, y: 0.48958543, z: 0.51020205, w: 0.51020205}
  m_LocalPosition: {x: 2.462134, y: 3.5527137e-15, z: -0.11213278}
  m_LocalScale: {x: 1, y: 1, z: 1}
  m_Children:
  - {fileID: 5166093804812547415}
  m_Father: {fileID: 5166093804812513923}
  m_RootOrder: 0
  m_LocalEulerAnglesHint: {x: 0, y: 0, z: 0}
--- !u!1 &5166093804812773925
GameObject:
  m_ObjectHideFlags: 0
  m_CorrespondingSourceObject: {fileID: 0}
  m_PrefabInstance: {fileID: 0}
  m_PrefabAsset: {fileID: 0}
  serializedVersion: 6
  m_Component:
  - component: {fileID: 5166093804812604535}
  m_Layer: 0
  m_Name: Horse_Rig_l_FrontLeg_ToeSHJnt
  m_TagString: Untagged
  m_Icon: {fileID: 0}
  m_NavMeshLayer: 0
  m_StaticEditorFlags: 0
  m_IsActive: 1
--- !u!4 &5166093804812604535
Transform:
  m_ObjectHideFlags: 0
  m_CorrespondingSourceObject: {fileID: 0}
  m_PrefabInstance: {fileID: 0}
  m_PrefabAsset: {fileID: 0}
  m_GameObject: {fileID: 5166093804812773925}
  m_LocalRotation: {x: 0, y: 0, z: 0, w: 1}
  m_LocalPosition: {x: -1.9785748, y: 1.3322676e-15, z: 6.8169805e-16}
  m_LocalScale: {x: 1, y: 1, z: 1}
  m_Children: []
  m_Father: {fileID: 5166093804812613149}
  m_RootOrder: 0
  m_LocalEulerAnglesHint: {x: 0, y: 0, z: 0}
--- !u!1 &5166093804812774227
GameObject:
  m_ObjectHideFlags: 0
  m_CorrespondingSourceObject: {fileID: 0}
  m_PrefabInstance: {fileID: 0}
  m_PrefabAsset: {fileID: 0}
  serializedVersion: 6
  m_Component:
  - component: {fileID: 5166093804812557225}
  m_Layer: 0
  m_Name: Horse_Rig_Head_JawSHJnt
  m_TagString: Untagged
  m_Icon: {fileID: 0}
  m_NavMeshLayer: 0
  m_StaticEditorFlags: 0
  m_IsActive: 1
--- !u!4 &5166093804812557225
Transform:
  m_ObjectHideFlags: 0
  m_CorrespondingSourceObject: {fileID: 0}
  m_PrefabInstance: {fileID: 0}
  m_PrefabAsset: {fileID: 0}
  m_GameObject: {fileID: 5166093804812774227}
  m_LocalRotation: {x: 0, y: 0, z: 0.7071068, w: 0.7071068}
  m_LocalPosition: {x: 1.3237349, y: -1.918662e-15, z: 1.3826935}
  m_LocalScale: {x: 1, y: 1, z: 1}
  m_Children:
  - {fileID: 5166093804812508357}
  m_Father: {fileID: 5166093804812526865}
  m_RootOrder: 0
  m_LocalEulerAnglesHint: {x: 0, y: 0, z: 0}
--- !u!1 &5166093804812776095
GameObject:
  m_ObjectHideFlags: 0
  m_CorrespondingSourceObject: {fileID: 0}
  m_PrefabInstance: {fileID: 0}
  m_PrefabAsset: {fileID: 0}
  serializedVersion: 6
  m_Component:
  - component: {fileID: 5166093804812612535}
  m_Layer: 0
  m_Name: Horse_Rig_r_HindLeg_AnkleSHJnt
  m_TagString: Untagged
  m_Icon: {fileID: 0}
  m_NavMeshLayer: 0
  m_StaticEditorFlags: 0
  m_IsActive: 1
--- !u!4 &5166093804812612535
Transform:
  m_ObjectHideFlags: 0
  m_CorrespondingSourceObject: {fileID: 0}
  m_PrefabInstance: {fileID: 0}
  m_PrefabAsset: {fileID: 0}
  m_GameObject: {fileID: 5166093804812776095}
  m_LocalRotation: {x: -5.2588475e-18, y: -0.032063086, z: 1.6896435e-16, w: 0.99948585}
  m_LocalPosition: {x: -5.0231, y: -8.881784e-16, z: -1.7763568e-15}
  m_LocalScale: {x: 1, y: 1, z: 1}
  m_Children:
  - {fileID: 5166093804812604675}
  m_Father: {fileID: 5166093804812605657}
  m_RootOrder: 0
  m_LocalEulerAnglesHint: {x: 0, y: 0, z: 0}
--- !u!1 &5166093804812780443
GameObject:
  m_ObjectHideFlags: 0
  m_CorrespondingSourceObject: {fileID: 0}
  m_PrefabInstance: {fileID: 0}
  m_PrefabAsset: {fileID: 0}
  serializedVersion: 6
  m_Component:
  - component: {fileID: 5166093804812602039}
  m_Layer: 0
  m_Name: Horse_Rig_Spine_01SHJnt
  m_TagString: Untagged
  m_Icon: {fileID: 0}
  m_NavMeshLayer: 0
  m_StaticEditorFlags: 0
  m_IsActive: 1
--- !u!4 &5166093804812602039
Transform:
  m_ObjectHideFlags: 0
  m_CorrespondingSourceObject: {fileID: 0}
  m_PrefabInstance: {fileID: 0}
  m_PrefabAsset: {fileID: 0}
  m_GameObject: {fileID: 5166093804812780443}
  m_LocalRotation: {x: 0.5, y: 0.5, z: -0.5, w: 0.5}
  m_LocalPosition: {x: 1.6542017e-15, y: -3.5527137e-15, z: 7.7726617}
  m_LocalScale: {x: 1, y: 1, z: 1}
  m_Children:
  - {fileID: 5166093804812628157}
  m_Father: {fileID: 5166093804812501327}
  m_RootOrder: 2
  m_LocalEulerAnglesHint: {x: 0, y: 0, z: 0}
--- !u!1 &5166093804812785063
GameObject:
  m_ObjectHideFlags: 0
  m_CorrespondingSourceObject: {fileID: 0}
  m_PrefabInstance: {fileID: 0}
  m_PrefabAsset: {fileID: 0}
  serializedVersion: 6
  m_Component:
  - component: {fileID: 5166093804812524333}
  m_Layer: 0
  m_Name: Horse_Rig_l_HindLeg_ToeSHJnt
  m_TagString: Untagged
  m_Icon: {fileID: 0}
  m_NavMeshLayer: 0
  m_StaticEditorFlags: 0
  m_IsActive: 1
--- !u!4 &5166093804812524333
Transform:
  m_ObjectHideFlags: 0
  m_CorrespondingSourceObject: {fileID: 0}
  m_PrefabInstance: {fileID: 0}
  m_PrefabAsset: {fileID: 0}
  m_GameObject: {fileID: 5166093804812785063}
  m_LocalRotation: {x: 0, y: 0, z: 0, w: 1}
  m_LocalPosition: {x: -1.5, y: 8.881784e-16, z: -5.3429483e-16}
  m_LocalScale: {x: 1, y: 1, z: 1}
  m_Children: []
  m_Father: {fileID: 5166093804812595755}
  m_RootOrder: 0
  m_LocalEulerAnglesHint: {x: 0, y: 0, z: 0}
--- !u!1 &5166093804812789665
GameObject:
  m_ObjectHideFlags: 0
  m_CorrespondingSourceObject: {fileID: 0}
  m_PrefabInstance: {fileID: 0}
  m_PrefabAsset: {fileID: 0}
  serializedVersion: 6
  m_Component:
  - component: {fileID: 5166093804812508357}
  m_Layer: 0
  m_Name: Horse_Rig_Head_JawEndSHJnt
  m_TagString: Untagged
  m_Icon: {fileID: 0}
  m_NavMeshLayer: 0
  m_StaticEditorFlags: 0
  m_IsActive: 1
--- !u!4 &5166093804812508357
Transform:
  m_ObjectHideFlags: 0
  m_CorrespondingSourceObject: {fileID: 0}
  m_PrefabInstance: {fileID: 0}
  m_PrefabAsset: {fileID: 0}
  m_GameObject: {fileID: 5166093804812789665}
  m_LocalRotation: {x: 0.8621106, y: 0, z: 0, w: 0.5067201}
  m_LocalPosition: {x: -2.9227497e-15, y: -2.842834, z: 5.3989825}
  m_LocalScale: {x: 1, y: 1, z: 1}
  m_Children: []
  m_Father: {fileID: 5166093804812557225}
  m_RootOrder: 0
  m_LocalEulerAnglesHint: {x: 0, y: 0, z: 0}
--- !u!1 &5166093804812789839
GameObject:
  m_ObjectHideFlags: 0
  m_CorrespondingSourceObject: {fileID: 0}
  m_PrefabInstance: {fileID: 0}
  m_PrefabAsset: {fileID: 0}
  serializedVersion: 6
  m_Component:
  - component: {fileID: 5166093804812505173}
  - component: {fileID: 5166093804824360449}
  m_Layer: 0
  m_Name: SA_Animal_Horse_Brown
  m_TagString: Untagged
  m_Icon: {fileID: 0}
  m_NavMeshLayer: 0
  m_StaticEditorFlags: 0
  m_IsActive: 1
--- !u!4 &5166093804812505173
Transform:
  m_ObjectHideFlags: 0
  m_CorrespondingSourceObject: {fileID: 0}
  m_PrefabInstance: {fileID: 0}
  m_PrefabAsset: {fileID: 0}
  m_GameObject: {fileID: 5166093804812789839}
  m_LocalRotation: {x: 0, y: 0, z: 0, w: 1}
  m_LocalPosition: {x: 0, y: 0, z: 0}
  m_LocalScale: {x: 1, y: 1, z: 1}
  m_Children: []
  m_Father: {fileID: 5166093804812623307}
  m_RootOrder: 2
  m_LocalEulerAnglesHint: {x: 0, y: 0, z: 0}
--- !u!137 &5166093804824360449
SkinnedMeshRenderer:
  m_ObjectHideFlags: 0
  m_CorrespondingSourceObject: {fileID: 0}
  m_PrefabInstance: {fileID: 0}
  m_PrefabAsset: {fileID: 0}
  m_GameObject: {fileID: 5166093804812789839}
  m_Enabled: 1
  m_CastShadows: 1
  m_ReceiveShadows: 1
  m_DynamicOccludee: 1
  m_MotionVectors: 1
  m_LightProbeUsage: 1
  m_ReflectionProbeUsage: 1
  m_RayTracingMode: 3
  m_RayTraceProcedural: 0
  m_RenderingLayerMask: 1
  m_RendererPriority: 0
  m_Materials:
  - {fileID: 2100000, guid: 185ca34253615de44926902d54fb6f1d, type: 2}
  m_StaticBatchInfo:
    firstSubMesh: 0
    subMeshCount: 0
  m_StaticBatchRoot: {fileID: 0}
  m_ProbeAnchor: {fileID: 0}
  m_LightProbeVolumeOverride: {fileID: 0}
  m_ScaleInLightmap: 1
  m_ReceiveGI: 1
  m_PreserveUVs: 0
  m_IgnoreNormalsForChartDetection: 0
  m_ImportantGI: 0
  m_StitchLightmapSeams: 0
  m_SelectedEditorRenderState: 3
  m_MinimumChartSize: 4
  m_AutoUVMaxDistance: 0.5
  m_AutoUVMaxAngle: 89
  m_LightmapParameters: {fileID: 0}
  m_SortingLayerID: 0
  m_SortingLayer: 0
  m_SortingOrder: 0
  serializedVersion: 2
  m_Quality: 0
  m_UpdateWhenOffscreen: 0
  m_SkinnedMotionVectors: 1
  m_Mesh: {fileID: 4300000, guid: c4324fcdc6ce67d4e97e3c807c446974, type: 3}
  m_Bones:
  - {fileID: 5166093804812508357}
  - {fileID: 5166093804812557225}
  - {fileID: 5166093804812525117}
  - {fileID: 5166093804812620965}
  - {fileID: 5166093804812543501}
  - {fileID: 5166093804812547579}
  - {fileID: 5166093804812526865}
  - {fileID: 5166093804812501327}
  - {fileID: 5166093804812602039}
  - {fileID: 5166093804812628157}
  - {fileID: 5166093804812563219}
  - {fileID: 5166093804812516433}
  - {fileID: 5166093804812631363}
  - {fileID: 5166093804812515539}
  - {fileID: 5166093804812603753}
  - {fileID: 5166093804812542681}
  - {fileID: 5166093804812521857}
  - {fileID: 5166093804812613149}
  - {fileID: 5166093804812628663}
  - {fileID: 5166093804812614469}
  - {fileID: 5166093804812604637}
  - {fileID: 5166093804812610001}
  - {fileID: 5166093804812595755}
  - {fileID: 5166093804812517361}
  - {fileID: 5166093804812511583}
  - {fileID: 5166093804812532635}
  - {fileID: 5166093804812524333}
  - {fileID: 5166093804812513923}
  - {fileID: 5166093804812522921}
  - {fileID: 5166093804812517709}
  - {fileID: 5166093804812520547}
  - {fileID: 5166093804812536309}
  - {fileID: 5166093804812547415}
  - {fileID: 5166093804812536785}
  - {fileID: 5166093804812612535}
  - {fileID: 5166093804812604675}
  - {fileID: 5166093804812629613}
  - {fileID: 5166093804812501535}
  - {fileID: 5166093804812605657}
  - {fileID: 5166093804812599889}
  m_BlendShapeWeights: []
  m_RootBone: {fileID: 5166093804812501327}
  m_AABB:
    m_Center: {x: 0, y: -0.8832464, z: 11.784651}
    m_Extent: {x: 5.571748, y: 18.315586, z: 21.710882}
  m_DirtyAABB: 0
--- !u!1 &5166093804812793661
GameObject:
  m_ObjectHideFlags: 0
  m_CorrespondingSourceObject: {fileID: 0}
  m_PrefabInstance: {fileID: 0}
  m_PrefabAsset: {fileID: 0}
  serializedVersion: 6
  m_Component:
  - component: {fileID: 5166093804812614469}
  m_Layer: 0
  m_Name: Horse_Rig_l_FrontLeg_Knee1SHJnt
  m_TagString: Untagged
  m_Icon: {fileID: 0}
  m_NavMeshLayer: 0
  m_StaticEditorFlags: 0
  m_IsActive: 1
--- !u!4 &5166093804812614469
Transform:
  m_ObjectHideFlags: 0
  m_CorrespondingSourceObject: {fileID: 0}
  m_PrefabInstance: {fileID: 0}
  m_PrefabAsset: {fileID: 0}
  m_GameObject: {fileID: 5166093804812793661}
  m_LocalRotation: {x: -2.379244e-16, y: 0.017514473, z: -9.961073e-15, w: 0.99984664}
  m_LocalPosition: {x: -5.562775, y: -4.8849813e-15, z: 0}
  m_LocalScale: {x: 1, y: 1, z: 1}
  m_Children:
  - {fileID: 5166093804812604637}
  m_Father: {fileID: 5166093804812628663}
  m_RootOrder: 0
  m_LocalEulerAnglesHint: {x: 0, y: 0, z: 0}
--- !u!1 &5166093804812795643
GameObject:
  m_ObjectHideFlags: 0
  m_CorrespondingSourceObject: {fileID: 0}
  m_PrefabInstance: {fileID: 0}
  m_PrefabAsset: {fileID: 0}
  serializedVersion: 6
  m_Component:
  - component: {fileID: 5166093804812517709}
  m_Layer: 0
  m_Name: Horse_Rig_r_FrontLeg_AnkleSHJnt
  m_TagString: Untagged
  m_Icon: {fileID: 0}
  m_NavMeshLayer: 0
  m_StaticEditorFlags: 0
  m_IsActive: 1
--- !u!4 &5166093804812517709
Transform:
  m_ObjectHideFlags: 0
  m_CorrespondingSourceObject: {fileID: 0}
  m_PrefabInstance: {fileID: 0}
  m_PrefabAsset: {fileID: 0}
  m_GameObject: {fileID: 5166093804812795643}
  m_LocalRotation: {x: 3.9294843e-19, y: 0.012803111, z: 1.6690256e-16, w: 0.99991804}
  m_LocalPosition: {x: -5.4587255, y: -5.3290705e-15, z: -8.881784e-15}
  m_LocalScale: {x: 1, y: 1, z: 1}
  m_Children:
  - {fileID: 5166093804812520547}
  m_Father: {fileID: 5166093804812536785}
  m_RootOrder: 0
  m_LocalEulerAnglesHint: {x: 0, y: 0, z: 0}
--- !u!1 &5166093804812798835
GameObject:
  m_ObjectHideFlags: 0
  m_CorrespondingSourceObject: {fileID: 0}
  m_PrefabInstance: {fileID: 0}
  m_PrefabAsset: {fileID: 0}
  serializedVersion: 6
  m_Component:
  - component: {fileID: 5166093804812525117}
  m_Layer: 0
  m_Name: Horse_Rig_Head_TopSHJnt
  m_TagString: Untagged
  m_Icon: {fileID: 0}
  m_NavMeshLayer: 0
  m_StaticEditorFlags: 0
  m_IsActive: 1
--- !u!4 &5166093804812525117
Transform:
  m_ObjectHideFlags: 0
  m_CorrespondingSourceObject: {fileID: 0}
  m_PrefabInstance: {fileID: 0}
  m_PrefabAsset: {fileID: 0}
  m_GameObject: {fileID: 5166093804812798835}
  m_LocalRotation: {x: 0, y: 0, z: 0.7071068, w: 0.7071068}
  m_LocalPosition: {x: -3, y: 3.0435454e-15, z: 0}
  m_LocalScale: {x: 1, y: 1, z: 1}
  m_Children:
  - {fileID: 5166093804812542681}
  - {fileID: 5166093804812522921}
  m_Father: {fileID: 5166093804812526865}
  m_RootOrder: 1
  m_LocalEulerAnglesHint: {x: 0, y: 0, z: 0}
--- !u!1 &5166093804812799703
GameObject:
  m_ObjectHideFlags: 0
  m_CorrespondingSourceObject: {fileID: 0}
  m_PrefabInstance: {fileID: 0}
  m_PrefabAsset: {fileID: 0}
  serializedVersion: 6
  m_Component:
  - component: {fileID: 5166093804812605657}
  m_Layer: 0
  m_Name: Horse_Rig_r_HindLeg_Knee2SHJnt
  m_TagString: Untagged
  m_Icon: {fileID: 0}
  m_NavMeshLayer: 0
  m_StaticEditorFlags: 0
  m_IsActive: 1
--- !u!4 &5166093804812605657
Transform:
  m_ObjectHideFlags: 0
  m_CorrespondingSourceObject: {fileID: 0}
  m_PrefabInstance: {fileID: 0}
  m_PrefabAsset: {fileID: 0}
  m_GameObject: {fileID: 5166093804812799703}
  m_LocalRotation: {x: 1.394355e-17, y: 0.19270486, z: 1.1225067e-16, w: 0.9812568}
  m_LocalPosition: {x: -5.0181556, y: -4.8849813e-15, z: 1.7763568e-15}
  m_LocalScale: {x: 1, y: 1, z: 1}
  m_Children:
  - {fileID: 5166093804812612535}
  m_Father: {fileID: 5166093804812501535}
  m_RootOrder: 0
  m_LocalEulerAnglesHint: {x: 0, y: 0, z: 0}
--- !u!1 &5166093804812801555
GameObject:
  m_ObjectHideFlags: 0
  m_CorrespondingSourceObject: {fileID: 0}
  m_PrefabInstance: {fileID: 0}
  m_PrefabAsset: {fileID: 0}
  serializedVersion: 6
  m_Component:
  - component: {fileID: 5166093804812513923}
  m_Layer: 0
  m_Name: Horse_Rig_r_Clavicle_01_01SHJnt
  m_TagString: Untagged
  m_Icon: {fileID: 0}
  m_NavMeshLayer: 0
  m_StaticEditorFlags: 0
  m_IsActive: 1
--- !u!4 &5166093804812513923
Transform:
  m_ObjectHideFlags: 0
  m_CorrespondingSourceObject: {fileID: 0}
  m_PrefabInstance: {fileID: 0}
  m_PrefabAsset: {fileID: 0}
  m_GameObject: {fileID: 5166093804812801555}
  m_LocalRotation: {x: 0, y: 0, z: 0.7071068, w: 0.7071068}
  m_LocalPosition: {x: -1.7763568e-15, y: 0.9673913, z: 3.5527137e-15}
  m_LocalScale: {x: 1, y: 1, z: 1}
  m_Children:
  - {fileID: 5166093804812536309}
  m_Father: {fileID: 5166093804812563219}
  m_RootOrder: 2
  m_LocalEulerAnglesHint: {x: 0, y: 0, z: 0}
--- !u!1 &5166093804812805449
GameObject:
  m_ObjectHideFlags: 0
  m_CorrespondingSourceObject: {fileID: 0}
  m_PrefabInstance: {fileID: 0}
  m_PrefabAsset: {fileID: 0}
  serializedVersion: 6
  m_Component:
  - component: {fileID: 5166093804812538275}
  - component: {fileID: 5166093804824266121}
  m_Layer: 0
  m_Name: SA_Animal_Horse_Grey
  m_TagString: Untagged
  m_Icon: {fileID: 0}
  m_NavMeshLayer: 0
  m_StaticEditorFlags: 0
  m_IsActive: 0
--- !u!4 &5166093804812538275
Transform:
  m_ObjectHideFlags: 0
  m_CorrespondingSourceObject: {fileID: 0}
  m_PrefabInstance: {fileID: 0}
  m_PrefabAsset: {fileID: 0}
  m_GameObject: {fileID: 5166093804812805449}
  m_LocalRotation: {x: 0, y: 0, z: 0, w: 1}
  m_LocalPosition: {x: 0, y: 0, z: 0}
  m_LocalScale: {x: 1, y: 1, z: 1}
  m_Children: []
  m_Father: {fileID: 5166093804812623307}
  m_RootOrder: 4
  m_LocalEulerAnglesHint: {x: 0, y: 0, z: 0}
--- !u!137 &5166093804824266121
SkinnedMeshRenderer:
  m_ObjectHideFlags: 0
  m_CorrespondingSourceObject: {fileID: 0}
  m_PrefabInstance: {fileID: 0}
  m_PrefabAsset: {fileID: 0}
  m_GameObject: {fileID: 5166093804812805449}
  m_Enabled: 1
  m_CastShadows: 1
  m_ReceiveShadows: 1
  m_DynamicOccludee: 1
  m_MotionVectors: 1
  m_LightProbeUsage: 1
  m_ReflectionProbeUsage: 1
  m_RayTracingMode: 3
  m_RayTraceProcedural: 0
  m_RenderingLayerMask: 1
  m_RendererPriority: 0
  m_Materials:
  - {fileID: 2100000, guid: 185ca34253615de44926902d54fb6f1d, type: 2}
  m_StaticBatchInfo:
    firstSubMesh: 0
    subMeshCount: 0
  m_StaticBatchRoot: {fileID: 0}
  m_ProbeAnchor: {fileID: 0}
  m_LightProbeVolumeOverride: {fileID: 0}
  m_ScaleInLightmap: 1
  m_ReceiveGI: 1
  m_PreserveUVs: 0
  m_IgnoreNormalsForChartDetection: 0
  m_ImportantGI: 0
  m_StitchLightmapSeams: 0
  m_SelectedEditorRenderState: 3
  m_MinimumChartSize: 4
  m_AutoUVMaxDistance: 0.5
  m_AutoUVMaxAngle: 89
  m_LightmapParameters: {fileID: 0}
  m_SortingLayerID: 0
  m_SortingLayer: 0
  m_SortingOrder: 0
  serializedVersion: 2
  m_Quality: 0
  m_UpdateWhenOffscreen: 0
  m_SkinnedMotionVectors: 1
  m_Mesh: {fileID: 4300008, guid: c4324fcdc6ce67d4e97e3c807c446974, type: 3}
  m_Bones:
  - {fileID: 5166093804812501327}
  - {fileID: 5166093804812602039}
  - {fileID: 5166093804812628157}
  - {fileID: 5166093804812563219}
  - {fileID: 5166093804812603753}
  - {fileID: 5166093804812628663}
  - {fileID: 5166093804812614469}
  - {fileID: 5166093804812604637}
  - {fileID: 5166093804812521857}
  - {fileID: 5166093804812613149}
  - {fileID: 5166093804812513923}
  - {fileID: 5166093804812536309}
  - {fileID: 5166093804812547415}
  - {fileID: 5166093804812536785}
  - {fileID: 5166093804812517709}
  - {fileID: 5166093804812520547}
  - {fileID: 5166093804812620965}
  - {fileID: 5166093804812543501}
  - {fileID: 5166093804812547579}
  - {fileID: 5166093804812526865}
  - {fileID: 5166093804812557225}
  - {fileID: 5166093804812508357}
  - {fileID: 5166093804812525117}
  - {fileID: 5166093804812542681}
  - {fileID: 5166093804812522921}
  - {fileID: 5166093804812517361}
  - {fileID: 5166093804812511583}
  - {fileID: 5166093804812532635}
  - {fileID: 5166093804812610001}
  - {fileID: 5166093804812595755}
  - {fileID: 5166093804812524333}
  - {fileID: 5166093804812629613}
  - {fileID: 5166093804812501535}
  - {fileID: 5166093804812605657}
  - {fileID: 5166093804812612535}
  - {fileID: 5166093804812604675}
  - {fileID: 5166093804812599889}
  - {fileID: 5166093804812516433}
  - {fileID: 5166093804812631363}
  - {fileID: 5166093804812515539}
  m_BlendShapeWeights: []
  m_RootBone: {fileID: 5166093804812501327}
  m_AABB:
    m_Center: {x: 0, y: -0.8832464, z: 11.784651}
    m_Extent: {x: 5.571748, y: 18.315586, z: 21.710882}
  m_DirtyAABB: 0
--- !u!1 &5166093804812811539
GameObject:
  m_ObjectHideFlags: 0
  m_CorrespondingSourceObject: {fileID: 0}
  m_PrefabInstance: {fileID: 0}
  m_PrefabAsset: {fileID: 0}
  serializedVersion: 6
  m_Component:
  - component: {fileID: 5166093804812623307}
  - component: {fileID: 5166093804820101083}
  - component: {fileID: 5166093804205378872}
  - component: {fileID: 3739509420678784480}
  - component: {fileID: 9157774740589859777}
  - component: {fileID: 7159807003752732694}
  m_Layer: 0
  m_Name: Animal_Horse_Brown
  m_TagString: Untagged
  m_Icon: {fileID: 0}
  m_NavMeshLayer: 0
  m_StaticEditorFlags: 0
  m_IsActive: 1
--- !u!4 &5166093804812623307
Transform:
  m_ObjectHideFlags: 0
  m_CorrespondingSourceObject: {fileID: 0}
  m_PrefabInstance: {fileID: 0}
  m_PrefabAsset: {fileID: 0}
  m_GameObject: {fileID: 5166093804812811539}
  m_LocalRotation: {x: 0, y: 1, z: 0, w: 0}
  m_LocalPosition: {x: -5, y: 0, z: 15}
  m_LocalScale: {x: 0.1, y: 0.1, z: 0.1}
  m_Children:
  - {fileID: 5166093804812592975}
  - {fileID: 5166093804812621015}
  - {fileID: 5166093804812505173}
  - {fileID: 5166093804812619313}
  - {fileID: 5166093804812538275}
  - {fileID: 5166093804812548005}
  m_Father: {fileID: 0}
  m_RootOrder: 0
  m_LocalEulerAnglesHint: {x: 0, y: 180, z: 0}
--- !u!95 &5166093804820101083
Animator:
  serializedVersion: 3
  m_ObjectHideFlags: 0
  m_CorrespondingSourceObject: {fileID: 0}
  m_PrefabInstance: {fileID: 0}
  m_PrefabAsset: {fileID: 0}
  m_GameObject: {fileID: 5166093804812811539}
  m_Enabled: 1
  m_Avatar: {fileID: 9000000, guid: c4324fcdc6ce67d4e97e3c807c446974, type: 3}
  m_Controller: {fileID: 9100000, guid: 8d09d925d62f9924488c35d1fc609194, type: 2}
  m_CullingMode: 1
  m_UpdateMode: 0
  m_ApplyRootMotion: 0
  m_LinearVelocityBlending: 0
  m_WarningMessage: 
  m_HasTransformHierarchy: 1
  m_AllowConstantClipSamplingOptimization: 1
  m_KeepAnimatorControllerStateOnDisable: 0
--- !u!114 &5166093804205378872
MonoBehaviour:
  m_ObjectHideFlags: 0
  m_CorrespondingSourceObject: {fileID: 0}
  m_PrefabInstance: {fileID: 0}
  m_PrefabAsset: {fileID: 0}
  m_GameObject: {fileID: 5166093804812811539}
  m_Enabled: 1
  m_EditorHideFlags: 0
  m_Script: {fileID: 11500000, guid: ae4108380bedaf240afbd9a53b23e740, type: 3}
  m_Name: 
  m_EditorClassIdentifier: 
  speed: 5
--- !u!65 &3739509420678784480
BoxCollider:
  m_ObjectHideFlags: 0
  m_CorrespondingSourceObject: {fileID: 0}
  m_PrefabInstance: {fileID: 0}
  m_PrefabAsset: {fileID: 0}
  m_GameObject: {fileID: 5166093804812811539}
  m_Material: {fileID: 0}
  m_IsTrigger: 1
  m_Enabled: 1
  serializedVersion: 2
  m_Size: {x: 14.251661, y: 37.74838, z: 46.19777}
  m_Center: {x: 0.101861954, y: 18.374184, z: 4.5315313}
--- !u!114 &9157774740589859777
MonoBehaviour:
  m_ObjectHideFlags: 0
  m_CorrespondingSourceObject: {fileID: 0}
  m_PrefabInstance: {fileID: 0}
  m_PrefabAsset: {fileID: 0}
  m_GameObject: {fileID: 5166093804812811539}
  m_Enabled: 1
  m_EditorHideFlags: 0
  m_Script: {fileID: 11500000, guid: 2c52ee72091692143869a36cdefe1fd7, type: 3}
  m_Name: 
  m_EditorClassIdentifier: 
--- !u!114 &7159807003752732694
MonoBehaviour:
  m_ObjectHideFlags: 0
  m_CorrespondingSourceObject: {fileID: 0}
  m_PrefabInstance: {fileID: 0}
  m_PrefabAsset: {fileID: 0}
  m_GameObject: {fileID: 5166093804812811539}
  m_Enabled: 1
  m_EditorHideFlags: 0
  m_Script: {fileID: 11500000, guid: 81e62e9a8a22fac478a927ce940e28f7, type: 3}
  m_Name: 
  m_EditorClassIdentifier: 
--- !u!1 &5166093804812812325
GameObject:
  m_ObjectHideFlags: 0
  m_CorrespondingSourceObject: {fileID: 0}
  m_PrefabInstance: {fileID: 0}
  m_PrefabAsset: {fileID: 0}
  serializedVersion: 6
  m_Component:
  - component: {fileID: 5166093804812563219}
  m_Layer: 0
  m_Name: Horse_Rig_Spine_TopSHJnt
  m_TagString: Untagged
  m_Icon: {fileID: 0}
  m_NavMeshLayer: 0
  m_StaticEditorFlags: 0
  m_IsActive: 1
--- !u!4 &5166093804812563219
Transform:
  m_ObjectHideFlags: 0
  m_CorrespondingSourceObject: {fileID: 0}
  m_PrefabInstance: {fileID: 0}
  m_PrefabAsset: {fileID: 0}
  m_GameObject: {fileID: 5166093804812812325}
  m_LocalRotation: {x: 3.0616168e-17, y: -1.110223e-16, z: -2.4894982e-17, w: 1}
  m_LocalPosition: {x: -1.8804382, y: 4.1754116e-16, z: -3.5527137e-15}
  m_LocalScale: {x: 1, y: 1, z: 1}
  m_Children:
  - {fileID: 5166093804812603753}
  - {fileID: 5166093804812620965}
  - {fileID: 5166093804812513923}
  m_Father: {fileID: 5166093804812628157}
  m_RootOrder: 0
  m_LocalEulerAnglesHint: {x: 0, y: 0, z: 0}
--- !u!1 &5166093804812812959
GameObject:
  m_ObjectHideFlags: 0
  m_CorrespondingSourceObject: {fileID: 0}
  m_PrefabInstance: {fileID: 0}
  m_PrefabAsset: {fileID: 0}
  serializedVersion: 6
  m_Component:
  - component: {fileID: 5166093804812604637}
  m_Layer: 0
  m_Name: Horse_Rig_l_FrontLeg_Knee2SHJnt
  m_TagString: Untagged
  m_Icon: {fileID: 0}
  m_NavMeshLayer: 0
  m_StaticEditorFlags: 0
  m_IsActive: 1
--- !u!4 &5166093804812604637
Transform:
  m_ObjectHideFlags: 0
  m_CorrespondingSourceObject: {fileID: 0}
  m_PrefabInstance: {fileID: 0}
  m_PrefabAsset: {fileID: 0}
  m_GameObject: {fileID: 5166093804812812959}
  m_LocalRotation: {x: 9.200536e-19, y: -0.009700643, z: 1.6680795e-16, w: 0.999953}
  m_LocalPosition: {x: -4.4812484, y: -3.1086245e-15, z: 3.5527137e-15}
  m_LocalScale: {x: 1, y: 1, z: 1}
  m_Children:
  - {fileID: 5166093804812521857}
  m_Father: {fileID: 5166093804812614469}
  m_RootOrder: 0
  m_LocalEulerAnglesHint: {x: 0, y: 0, z: 0}
--- !u!1 &5166093804812814689
GameObject:
  m_ObjectHideFlags: 0
  m_CorrespondingSourceObject: {fileID: 0}
  m_PrefabInstance: {fileID: 0}
  m_PrefabAsset: {fileID: 0}
  serializedVersion: 6
  m_Component:
  - component: {fileID: 5166093804812620965}
  m_Layer: 0
  m_Name: Horse_Rig_Neck_01SHJnt
  m_TagString: Untagged
  m_Icon: {fileID: 0}
  m_NavMeshLayer: 0
  m_StaticEditorFlags: 0
  m_IsActive: 1
--- !u!4 &5166093804812620965
Transform:
  m_ObjectHideFlags: 0
  m_CorrespondingSourceObject: {fileID: 0}
  m_PrefabInstance: {fileID: 0}
  m_PrefabAsset: {fileID: 0}
  m_GameObject: {fileID: 5166093804812814689}
  m_LocalRotation: {x: 0.000000010197625, y: -0.4391441, z: 0.0000000072841626, w: 0.89841664}
  m_LocalPosition: {x: 0.1427044, y: -5.633009e-16, z: -4.671603}
  m_LocalScale: {x: 1, y: 1, z: 1}
  m_Children:
  - {fileID: 5166093804812543501}
  m_Father: {fileID: 5166093804812563219}
  m_RootOrder: 1
  m_LocalEulerAnglesHint: {x: 0, y: 0, z: 0}
--- !u!1 &5166093804812816601
GameObject:
  m_ObjectHideFlags: 0
  m_CorrespondingSourceObject: {fileID: 0}
  m_PrefabInstance: {fileID: 0}
  m_PrefabAsset: {fileID: 0}
  serializedVersion: 6
  m_Component:
  - component: {fileID: 5166093804812547579}
  m_Layer: 0
  m_Name: Horse_Rig_Neck_03SHJnt
  m_TagString: Untagged
  m_Icon: {fileID: 0}
  m_NavMeshLayer: 0
  m_StaticEditorFlags: 0
  m_IsActive: 1
--- !u!4 &5166093804812547579
Transform:
  m_ObjectHideFlags: 0
  m_CorrespondingSourceObject: {fileID: 0}
  m_PrefabInstance: {fileID: 0}
  m_PrefabAsset: {fileID: 0}
  m_GameObject: {fileID: 5166093804812816601}
  m_LocalRotation: {x: -0.0000000067034907, y: -4.7570397e-16, z: -5.407272e-17, w: 1}
  m_LocalPosition: {x: -5.6803374, y: 1.9690191e-15, z: -0.3812638}
  m_LocalScale: {x: 1, y: 1, z: 1}
  m_Children:
  - {fileID: 5166093804812526865}
  m_Father: {fileID: 5166093804812543501}
  m_RootOrder: 0
  m_LocalEulerAnglesHint: {x: 0, y: 0, z: 0}
--- !u!1 &5166093804812817419
GameObject:
  m_ObjectHideFlags: 0
  m_CorrespondingSourceObject: {fileID: 0}
  m_PrefabInstance: {fileID: 0}
  m_PrefabAsset: {fileID: 0}
  serializedVersion: 6
  m_Component:
  - component: {fileID: 5166093804812613149}
  m_Layer: 0
  m_Name: Horse_Rig_l_FrontLeg_BallSHJnt
  m_TagString: Untagged
  m_Icon: {fileID: 0}
  m_NavMeshLayer: 0
  m_StaticEditorFlags: 0
  m_IsActive: 1
--- !u!4 &5166093804812613149
Transform:
  m_ObjectHideFlags: 0
  m_CorrespondingSourceObject: {fileID: 0}
  m_PrefabInstance: {fileID: 0}
  m_PrefabAsset: {fileID: 0}
  m_GameObject: {fileID: 5166093804812817419}
  m_LocalRotation: {x: -5.9133355e-17, y: 0.7071068, z: 5.9133355e-17, w: 0.7071068}
  m_LocalPosition: {x: -3.8148131, y: -3.5527137e-15, z: 2.3663485}
  m_LocalScale: {x: 1, y: 1, z: 1}
  m_Children:
  - {fileID: 5166093804812604535}
  m_Father: {fileID: 5166093804812521857}
  m_RootOrder: 0
  m_LocalEulerAnglesHint: {x: 0, y: 0, z: 0}
--- !u!1 &5166093804812817475
GameObject:
  m_ObjectHideFlags: 0
  m_CorrespondingSourceObject: {fileID: 0}
  m_PrefabInstance: {fileID: 0}
  m_PrefabAsset: {fileID: 0}
  serializedVersion: 6
  m_Component:
  - component: {fileID: 5166093804812501535}
  m_Layer: 0
  m_Name: Horse_Rig_r_HindLeg_Knee1SHJnt
  m_TagString: Untagged
  m_Icon: {fileID: 0}
  m_NavMeshLayer: 0
  m_StaticEditorFlags: 0
  m_IsActive: 1
--- !u!4 &5166093804812501535
Transform:
  m_ObjectHideFlags: 0
  m_CorrespondingSourceObject: {fileID: 0}
  m_PrefabInstance: {fileID: 0}
  m_PrefabAsset: {fileID: 0}
  m_GameObject: {fileID: 5166093804812817475}
  m_LocalRotation: {x: 2.5588687e-17, y: -0.21154374, z: 2.2573833e-16, w: 0.97736853}
  m_LocalPosition: {x: -4.4487576, y: -1.3322676e-15, z: -8.881784e-16}
  m_LocalScale: {x: 1, y: 1, z: 1}
  m_Children:
  - {fileID: 5166093804812605657}
  m_Father: {fileID: 5166093804812629613}
  m_RootOrder: 0
  m_LocalEulerAnglesHint: {x: 0, y: 0, z: 0}
--- !u!1 &5166093804812817949
GameObject:
  m_ObjectHideFlags: 0
  m_CorrespondingSourceObject: {fileID: 0}
  m_PrefabInstance: {fileID: 0}
  m_PrefabAsset: {fileID: 0}
  serializedVersion: 6
  m_Component:
  - component: {fileID: 5166093804812542681}
  m_Layer: 0
  m_Name: Horse_Rig_l_Eye_01SHJnt
  m_TagString: Untagged
  m_Icon: {fileID: 0}
  m_NavMeshLayer: 0
  m_StaticEditorFlags: 0
  m_IsActive: 1
--- !u!4 &5166093804812542681
Transform:
  m_ObjectHideFlags: 0
  m_CorrespondingSourceObject: {fileID: 0}
  m_PrefabInstance: {fileID: 0}
  m_PrefabAsset: {fileID: 0}
  m_GameObject: {fileID: 5166093804812817949}
  m_LocalRotation: {x: 0.07033598, y: 0.07033598, z: -0.70359993, w: 0.70359993}
  m_LocalPosition: {x: -1.807144, y: 0.23072052, z: 1.2304938}
  m_LocalScale: {x: 1, y: 1, z: 1}
  m_Children: []
  m_Father: {fileID: 5166093804812525117}
  m_RootOrder: 0
  m_LocalEulerAnglesHint: {x: 0, y: 0, z: 0}
--- !u!1 &5166093804812818305
GameObject:
  m_ObjectHideFlags: 0
  m_CorrespondingSourceObject: {fileID: 0}
  m_PrefabInstance: {fileID: 0}
  m_PrefabAsset: {fileID: 0}
  serializedVersion: 6
  m_Component:
  - component: {fileID: 5166093804812592975}
  m_Layer: 0
  m_Name: Horse_Rig_SHJntGrp
  m_TagString: Untagged
  m_Icon: {fileID: 0}
  m_NavMeshLayer: 0
  m_StaticEditorFlags: 0
  m_IsActive: 1
--- !u!4 &5166093804812592975
Transform:
  m_ObjectHideFlags: 0
  m_CorrespondingSourceObject: {fileID: 0}
  m_PrefabInstance: {fileID: 0}
  m_PrefabAsset: {fileID: 0}
  m_GameObject: {fileID: 5166093804812818305}
  m_LocalRotation: {x: 0, y: 0, z: 0, w: 1}
  m_LocalPosition: {x: 0, y: 0, z: 0}
  m_LocalScale: {x: 1, y: 1, z: 1}
  m_Children:
  - {fileID: 5166093804812501327}
  m_Father: {fileID: 5166093804812623307}
  m_RootOrder: 0
  m_LocalEulerAnglesHint: {x: 0, y: 0, z: 0}
--- !u!1 &5166093804812819145
GameObject:
  m_ObjectHideFlags: 0
  m_CorrespondingSourceObject: {fileID: 0}
  m_PrefabInstance: {fileID: 0}
  m_PrefabAsset: {fileID: 0}
  serializedVersion: 6
  m_Component:
  - component: {fileID: 5166093804812631363}
  m_Layer: 0
  m_Name: Horse_Rig_Tail_02SHJnt
  m_TagString: Untagged
  m_Icon: {fileID: 0}
  m_NavMeshLayer: 0
  m_StaticEditorFlags: 0
  m_IsActive: 1
--- !u!4 &5166093804812631363
Transform:
  m_ObjectHideFlags: 0
  m_CorrespondingSourceObject: {fileID: 0}
  m_PrefabInstance: {fileID: 0}
  m_PrefabAsset: {fileID: 0}
  m_GameObject: {fileID: 5166093804812819145}
  m_LocalRotation: {x: -0.000000007726977, y: 0.33105695, z: 0.000000056092865, w: 0.9436108}
  m_LocalPosition: {x: -8.146892, y: -3.8550125e-15, z: 1.1355981}
  m_LocalScale: {x: 1, y: 1, z: 1}
  m_Children:
  - {fileID: 5166093804812515539}
  m_Father: {fileID: 5166093804812516433}
  m_RootOrder: 0
  m_LocalEulerAnglesHint: {x: 0, y: 0, z: 0}
--- !u!1 &5166093804812823719
GameObject:
  m_ObjectHideFlags: 0
  m_CorrespondingSourceObject: {fileID: 0}
  m_PrefabInstance: {fileID: 0}
  m_PrefabAsset: {fileID: 0}
  serializedVersion: 6
  m_Component:
  - component: {fileID: 5166093804812619313}
  - component: {fileID: 5166093804824256635}
  m_Layer: 0
  m_Name: SA_Animal_Horse_Buckskin
  m_TagString: Untagged
  m_Icon: {fileID: 0}
  m_NavMeshLayer: 0
  m_StaticEditorFlags: 0
  m_IsActive: 0
--- !u!4 &5166093804812619313
Transform:
  m_ObjectHideFlags: 0
  m_CorrespondingSourceObject: {fileID: 0}
  m_PrefabInstance: {fileID: 0}
  m_PrefabAsset: {fileID: 0}
  m_GameObject: {fileID: 5166093804812823719}
  m_LocalRotation: {x: 0, y: 0, z: 0, w: 1}
  m_LocalPosition: {x: 0, y: 0, z: 0}
  m_LocalScale: {x: 1, y: 1, z: 1}
  m_Children: []
  m_Father: {fileID: 5166093804812623307}
  m_RootOrder: 3
  m_LocalEulerAnglesHint: {x: 0, y: 0, z: 0}
--- !u!137 &5166093804824256635
SkinnedMeshRenderer:
  m_ObjectHideFlags: 0
  m_CorrespondingSourceObject: {fileID: 0}
  m_PrefabInstance: {fileID: 0}
  m_PrefabAsset: {fileID: 0}
  m_GameObject: {fileID: 5166093804812823719}
  m_Enabled: 1
  m_CastShadows: 1
  m_ReceiveShadows: 1
  m_DynamicOccludee: 1
  m_MotionVectors: 1
  m_LightProbeUsage: 1
  m_ReflectionProbeUsage: 1
  m_RayTracingMode: 3
  m_RayTraceProcedural: 0
  m_RenderingLayerMask: 1
  m_RendererPriority: 0
  m_Materials:
  - {fileID: 2100000, guid: 185ca34253615de44926902d54fb6f1d, type: 2}
  m_StaticBatchInfo:
    firstSubMesh: 0
    subMeshCount: 0
  m_StaticBatchRoot: {fileID: 0}
  m_ProbeAnchor: {fileID: 0}
  m_LightProbeVolumeOverride: {fileID: 0}
  m_ScaleInLightmap: 1
  m_ReceiveGI: 1
  m_PreserveUVs: 0
  m_IgnoreNormalsForChartDetection: 0
  m_ImportantGI: 0
  m_StitchLightmapSeams: 0
  m_SelectedEditorRenderState: 3
  m_MinimumChartSize: 4
  m_AutoUVMaxDistance: 0.5
  m_AutoUVMaxAngle: 89
  m_LightmapParameters: {fileID: 0}
  m_SortingLayerID: 0
  m_SortingLayer: 0
  m_SortingOrder: 0
  serializedVersion: 2
  m_Quality: 0
  m_UpdateWhenOffscreen: 0
  m_SkinnedMotionVectors: 1
  m_Mesh: {fileID: 4300002, guid: c4324fcdc6ce67d4e97e3c807c446974, type: 3}
  m_Bones:
  - {fileID: 5166093804812501327}
  - {fileID: 5166093804812602039}
  - {fileID: 5166093804812628157}
  - {fileID: 5166093804812563219}
  - {fileID: 5166093804812603753}
  - {fileID: 5166093804812628663}
  - {fileID: 5166093804812614469}
  - {fileID: 5166093804812604637}
  - {fileID: 5166093804812521857}
  - {fileID: 5166093804812613149}
  - {fileID: 5166093804812513923}
  - {fileID: 5166093804812536309}
  - {fileID: 5166093804812547415}
  - {fileID: 5166093804812536785}
  - {fileID: 5166093804812517709}
  - {fileID: 5166093804812520547}
  - {fileID: 5166093804812620965}
  - {fileID: 5166093804812543501}
  - {fileID: 5166093804812547579}
  - {fileID: 5166093804812526865}
  - {fileID: 5166093804812557225}
  - {fileID: 5166093804812508357}
  - {fileID: 5166093804812525117}
  - {fileID: 5166093804812542681}
  - {fileID: 5166093804812522921}
  - {fileID: 5166093804812517361}
  - {fileID: 5166093804812511583}
  - {fileID: 5166093804812532635}
  - {fileID: 5166093804812610001}
  - {fileID: 5166093804812595755}
  - {fileID: 5166093804812524333}
  - {fileID: 5166093804812629613}
  - {fileID: 5166093804812501535}
  - {fileID: 5166093804812605657}
  - {fileID: 5166093804812612535}
  - {fileID: 5166093804812604675}
  - {fileID: 5166093804812599889}
  - {fileID: 5166093804812516433}
  - {fileID: 5166093804812631363}
  - {fileID: 5166093804812515539}
  m_BlendShapeWeights: []
  m_RootBone: {fileID: 5166093804812501327}
  m_AABB:
    m_Center: {x: 0, y: -0.8832464, z: 11.784651}
    m_Extent: {x: 5.571748, y: 18.315586, z: 21.710882}
  m_DirtyAABB: 0
--- !u!1 &5166093804812823925
GameObject:
  m_ObjectHideFlags: 0
  m_CorrespondingSourceObject: {fileID: 0}
  m_PrefabInstance: {fileID: 0}
  m_PrefabAsset: {fileID: 0}
  serializedVersion: 6
  m_Component:
  - component: {fileID: 5166093804812526865}
  m_Layer: 0
  m_Name: Horse_Rig_Neck_TopSHJnt
  m_TagString: Untagged
  m_Icon: {fileID: 0}
  m_NavMeshLayer: 0
  m_StaticEditorFlags: 0
  m_IsActive: 1
--- !u!4 &5166093804812526865
Transform:
  m_ObjectHideFlags: 0
  m_CorrespondingSourceObject: {fileID: 0}
  m_PrefabInstance: {fileID: 0}
  m_PrefabAsset: {fileID: 0}
  m_GameObject: {fileID: 5166093804812823925}
  m_LocalRotation: {x: -1.3028775e-16, y: -0.32475477, z: 4.7888285e-17, w: 0.9457983}
  m_LocalPosition: {x: -2.0873055, y: -1.4309768e-15, z: 2.3870935}
  m_LocalScale: {x: 1, y: 1, z: 1}
  m_Children:
  - {fileID: 5166093804812557225}
  - {fileID: 5166093804812525117}
  m_Father: {fileID: 5166093804812547579}
  m_RootOrder: 0
  m_LocalEulerAnglesHint: {x: 0, y: 0, z: 0}
--- !u!1 &5166093804812824823
GameObject:
  m_ObjectHideFlags: 0
  m_CorrespondingSourceObject: {fileID: 0}
  m_PrefabInstance: {fileID: 0}
  m_PrefabAsset: {fileID: 0}
  serializedVersion: 6
  m_Component:
  - component: {fileID: 5166093804812521857}
  m_Layer: 0
  m_Name: Horse_Rig_l_FrontLeg_AnkleSHJnt
  m_TagString: Untagged
  m_Icon: {fileID: 0}
  m_NavMeshLayer: 0
  m_StaticEditorFlags: 0
  m_IsActive: 1
--- !u!4 &5166093804812521857
Transform:
  m_ObjectHideFlags: 0
  m_CorrespondingSourceObject: {fileID: 0}
  m_PrefabInstance: {fileID: 0}
  m_PrefabAsset: {fileID: 0}
  m_GameObject: {fileID: 5166093804812824823}
  m_LocalRotation: {x: 3.9294843e-19, y: 0.012803111, z: 1.6690256e-16, w: 0.99991804}
  m_LocalPosition: {x: -5.4587255, y: -3.996803e-15, z: -7.993606e-15}
  m_LocalScale: {x: 1, y: 1, z: 1}
  m_Children:
  - {fileID: 5166093804812613149}
  m_Father: {fileID: 5166093804812604637}
  m_RootOrder: 0
  m_LocalEulerAnglesHint: {x: 0, y: 0, z: 0}
--- !u!1 &5166093804812828385
GameObject:
  m_ObjectHideFlags: 0
  m_CorrespondingSourceObject: {fileID: 0}
  m_PrefabInstance: {fileID: 0}
  m_PrefabAsset: {fileID: 0}
  serializedVersion: 6
  m_Component:
  - component: {fileID: 5166093804812629613}
  m_Layer: 0
  m_Name: Horse_Rig_r_HindLeg_HipSHJnt
  m_TagString: Untagged
  m_Icon: {fileID: 0}
  m_NavMeshLayer: 0
  m_StaticEditorFlags: 0
  m_IsActive: 1
--- !u!4 &5166093804812629613
Transform:
  m_ObjectHideFlags: 0
  m_CorrespondingSourceObject: {fileID: 0}
  m_PrefabInstance: {fileID: 0}
  m_PrefabAsset: {fileID: 0}
  m_GameObject: {fileID: 5166093804812828385}
  m_LocalRotation: {x: -0.036262073, y: 0.036262073, z: 0.7061764, w: 0.7061764}
  m_LocalPosition: {x: 3.4229164, y: -1, z: -0.098055504}
  m_LocalScale: {x: 1, y: 1, z: 1}
  m_Children:
  - {fileID: 5166093804812501535}
  m_Father: {fileID: 5166093804812501327}
  m_RootOrder: 1
  m_LocalEulerAnglesHint: {x: 0, y: 0, z: 0}
--- !u!1 &5166093804812886157
GameObject:
  m_ObjectHideFlags: 0
  m_CorrespondingSourceObject: {fileID: 0}
  m_PrefabInstance: {fileID: 0}
  m_PrefabAsset: {fileID: 0}
  serializedVersion: 6
  m_Component:
  - component: {fileID: 5166093804812536785}
  m_Layer: 0
  m_Name: Horse_Rig_r_FrontLeg_Knee2SHJnt
  m_TagString: Untagged
  m_Icon: {fileID: 0}
  m_NavMeshLayer: 0
  m_StaticEditorFlags: 0
  m_IsActive: 1
--- !u!4 &5166093804812536785
Transform:
  m_ObjectHideFlags: 0
  m_CorrespondingSourceObject: {fileID: 0}
  m_PrefabInstance: {fileID: 0}
  m_PrefabAsset: {fileID: 0}
  m_GameObject: {fileID: 5166093804812886157}
  m_LocalRotation: {x: 9.200536e-19, y: -0.009700643, z: 1.6680795e-16, w: 0.999953}
  m_LocalPosition: {x: -4.4812484, y: -4.8849813e-15, z: 8.881784e-16}
  m_LocalScale: {x: 1, y: 1, z: 1}
  m_Children:
  - {fileID: 5166093804812517709}
  m_Father: {fileID: 5166093804812547415}
  m_RootOrder: 0
  m_LocalEulerAnglesHint: {x: 0, y: 0, z: 0}
